
@article{Sakurai2020,
	author = "S. Zhang and C. Zhu and J. K. O. Sin
	and P. K. T. Mok",
	title = "A Novel Ultrathin Elevated Channel
	Low-temperature Poly-{Si} {TFT}",
	journal = IEEE_J_EDL,
	volume = "20",
	month = nov,
	year = "1999",
	pages = "569-571"
}